@misc{javadoc,
  title = {Java Platform, Standard Edition 7 API Specification},
  howpublished = "\url{https://docs.oracle.com/javase/7/docs/api/}",
  note = "[Online; acessado em 11 de abril de 2016]"
}

@misc{evil,
  title = {Getters / Setters. Evil. Period},
  author = {Yegor Bugayenko},
  year = {2014},
  howpublished = "\url{http://yegor256.com/2014/09/16/getters-and-setters-are-evil.html}",
  note = "[Online; acessado em 11 de abril de 2016]"
}
